%% This BibTeX bibliography file was created using BibDesk.
%% http://bibdesk.sourceforge.net/


%% Created for Stefan Waidele at 2014-12-04 15:09:16 +0100 


%% Saved with string encoding Unicode (UTF-8) 



@misc{netzoekonom,
	Author = {{Schmidt}},
	Howpublished = {\url{http://netzoekonom.de/2014/04/13/samsung-zieht-konkurrenz-in-deutschland-weiter-davon/}},
	Title = {{Samsung zieht Konkurrent in Deutschland weiter davon, Abruf am 01.08.2014}},
	Year = {2014}}

@misc{destatis:bev,
	Author = {{Statistisches Bundesamt}},
	Howpublished = {\url{https://www.destatis.de/DE/ZahlenFakten/GesellschaftStaat/Bevoelkerung/Bevoelkerungsstand/Tabellen/Zensus_Geschlecht_Staatsangehoerigkeit.html}},
	Title = {{Bev{\"o}lkerung auf Grundlage des Zensus 2011, Abruf am 01.08.2014}},
	Year = {2014}}

@misc{destatis:hh,
	Author = {{Statistisches Bundesamt}},
	Howpublished = {\url{https://www.destatis.de/DE/ZahlenFakten/GesellschaftStaat/Bevoelkerung/HaushalteFamilien/Tabellen/Haushaltsgroesse.html}},
	Title = {{Haushalte \& Familien, Abruf am 01.08.2014}},
	Year = {2014}}

@book{reiseanalyse,
	Address = {{Kiel}},
	Author = {{Schrader et al.}},
	Isbn = {978-1-59749-963-7},
	Publisher = {Forschungsgemeinschaft Urlaub und Reisen e.V.},
	Title = {Reiseanalyse 2014},
	Year = {2014}}

@misc{bbds,
	Author = {{Dix (Hrsg.)}},
	Howpublished = {\url{http://www.datenschutz-berlin.de/content/technik/begriffsbestimmungen/verfuegbarkeit-integritaet-vertraulichkeit-authentizitaet}},
	Title = {{Begriffsbestimmung: Verf{\"u}gbarkeit, Integrit{\"a}t, Vertraulichkeit, Authentizit{\"a}t, Abruf am 01.05.2014}},
	Year = {2008}}
