%% This BibTeX bibliography file was created using BibDesk.
%% http://bibdesk.sourceforge.net/


%% Created for Stefan Waidele at 2015-01-03 18:58:58 +0100 


%% Saved with string encoding Unicode (UTF-8) 



@article{ahgz:hotelier,
	Author = {Behre, Marina},
	Date-Added = {2015-01-03 17:21:03 +0000},
	Date-Modified = {2015-01-03 17:23:17 +0000},
	Journal = {AHGZ --- Der Hotelier},
	Month = {7},
	Number = {Nr. 30},
	Pages = {2---4},
	Title = {Sieger und Verlierer},
	Year = {2014}}

@misc{destatis:gastgewerbe,
	Author = {{Statistisches Bundesamt}},
	Date-Added = {2015-01-03 16:18:40 +0000},
	Date-Modified = {2015-01-03 16:20:10 +0000},
	Howpublished = {\url{https://www.destatis.de/DE/ZahlenFakten/Wirtschaftsbereiche/BinnenhandelGastgewerbeTourismus/BinnenhandelGastgewerbeTourismus.html}, abgerufen am 03.01.2015},
	Title = {Kurz erl{\"a}utert: Gastgewerbe},
	Year = {2014}}

@misc{dehoga:zahlenspiegel,
	Author = {{DeHoGa (Hrsg.)}},
	Date-Added = {2014-12-27 16:59:27 +0000},
	Date-Modified = {2014-12-27 17:17:06 +0000},
	Howpublished = {\url{http://www.dehoga-bundesverband.de/fileadmin/Inhaltsbilder/Daten_Fakten_Trends/Zahlespiegel_und_Branchenberichte/Zahlenspiegel/Zahlenspiegel_1__Quartal_2014.pdf}, abgerufen am 27.12.2014},
	Publisher = {DeHoGa (Hrsg.)},
	Title = {Zahlenspiegel 1. Quartal 2014},
	Year = {2014}}

@misc{gabler:tourismus,
	Author = {{Springer Gabler Verlag (Hrsg.)}},
	Date-Added = {2014-12-27 16:44:35 +0000},
	Date-Modified = {2014-12-27 17:20:46 +0000},
	Howpublished = {\url{http://wirtschaftslexikon.gabler.de/Archiv/54205/tourismus-v11.html}, abgerufen am 27.12.2014},
	Title = {{Gabler Wirtschaftslexikon, Stichwort: Tourismus}},
	Year = {2014}}

@misc{dehoga:gg,
	Author = {{DeHoGa (Hrsg.)}},
	Date-Added = {2014-12-27 16:02:58 +0000},
	Date-Modified = {2014-12-27 17:17:00 +0000},
	Howpublished = {\url{http://www.dehoga-bundesverband.de/daten-fakten-trends/gastgewerbe-im-ueberblick/}, abgerufen am 27.12.2014},
	Month = {12},
	Title = {Das Gastgewerbe im {\"U}berblick},
	Year = {2014}}

@misc{netzoekonom,
	Author = {{Schmidt}},
	Howpublished = {\url{http://netzoekonom.de/2014/04/13/samsung-zieht-konkurrenz-in-deutschland-weiter-davon/}},
	Title = {{Samsung zieht Konkurrent in Deutschland weiter davon, Abruf am 01.08.2014}},
	Year = {2014}}

@misc{destatis:bev,
	Author = {{Statistisches Bundesamt}},
	Howpublished = {\url{https://www.destatis.de/DE/ZahlenFakten/GesellschaftStaat/Bevoelkerung/Bevoelkerungsstand/Tabellen/Zensus_Geschlecht_Staatsangehoerigkeit.html}},
	Title = {{Bev{\"o}lkerung auf Grundlage des Zensus 2011, Abruf am 01.08.2014}},
	Year = {2014}}

@misc{destatis:hh,
	Author = {{Statistisches Bundesamt}},
	Howpublished = {\url{https://www.destatis.de/DE/ZahlenFakten/GesellschaftStaat/Bevoelkerung/HaushalteFamilien/Tabellen/Haushaltsgroesse.html}},
	Title = {{Haushalte \& Familien, Abruf am 01.08.2014}},
	Year = {2014}}

@book{reiseanalyse,
	Address = {{Kiel}},
	Author = {{Schrader et al.}},
	Isbn = {978-1-59749-963-7},
	Publisher = {Forschungsgemeinschaft Urlaub und Reisen e.V.},
	Title = {Reiseanalyse 2014},
	Year = {2014}}

@misc{bbds,
	Author = {{Dix (Hrsg.)}},
	Howpublished = {\url{http://www.datenschutz-berlin.de/content/technik/begriffsbestimmungen/verfuegbarkeit-integritaet-vertraulichkeit-authentizitaet}},
	Title = {{Begriffsbestimmung: Verf{\"u}gbarkeit, Integrit{\"a}t, Vertraulichkeit, Authentizit{\"a}t, Abruf am 01.05.2014}},
	Year = {2008}}
